<?xml version="1.0" encoding="UTF-8"?><collection xmlns="http://www.loc.gov/MARC21/slim"><record><leader>00494nam--2200169-i-4500</leader><controlfield tag="001">000049264</controlfield><controlfield tag="002">20161230</controlfield><controlfield tag="005">20161230201047</controlfield><controlfield tag="008">060222s1000------------r-----000-0-eng-d</controlfield><datafield ind1=" " ind2=" " tag="040"><subfield code="a">IFIN-HH</subfield></datafield><datafield ind1=" " ind2=" " tag="080"><subfield code="a">539.12.162.8(047.1)</subfield></datafield><datafield ind1="1" ind2=" " tag="100"><subfield code="a">Paschos, Emmanuel A</subfield></datafield><datafield ind1="1" ind2="0" tag="245"><subfield code="a">Weak neutral current effects in electron-positron collisions</subfield><subfield code="c">Emmanuel a. paschos</subfield></datafield><datafield ind1=" " ind2=" " tag="260"><subfield code="a">Wisconsin</subfield><subfield code="b">University Of Wisconsin</subfield><subfield code="c">/1976</subfield></datafield><datafield ind1=" " ind2=" " tag="300"><subfield code="a">9P.+1PL</subfield></datafield><datafield ind1=" " ind2=" " tag="852"><subfield code="a">42887</subfield><subfield code="c">539.131</subfield></datafield><datafield ind1=" " ind2=" " tag="CAT"><subfield code="a">Sys</subfield><subfield code="c">20120309</subfield><subfield code="h">134503</subfield></datafield></record></collection>